variant_id,learning_rate,model_seed,training_seed,parameter_count,attempted_epochs,best_checkpoint_epoch,best_validation_rel_l2,endpoint_validation_rel_l2,train_seconds,batch_order_contract_sha256,selected_checkpoint_sha256,selection_scope,mean_validation_rel_l2_for_cell,global_validation_champion
r48_p444_reference,0.001,20260901,20261002,49313,24,23,0.18761174529790878,0.18763093054294586,3.0538300839998556,004eb887c758fa874654c4d2a9718c648fa59d183baed86064105c3243d2622d,f26babb7dbb8d89c2fe10dca1e3f5e75fc4c545ecc80b1d579865c3dda8074c4,validation_only,0.18859483549992243,False
r48_p444_reference,0.001,20260902,20261003,49313,24,22,0.1879640907049179,0.18797969222068786,2.065139457999976,9f604bb173530312690624b166e1214a0eabd5f61405c0fcb4be6a127458a198,421e0716653ace7d69147ee44f06eb600ce4fce521be56f2a57f255ff0f44f3f,validation_only,0.18859483549992243,False
r48_p444_reference,0.001,20260903,20261004,49313,24,21,0.19020867049694062,0.19019926190376282,2.314870791999965,215d5449504627e1f1988524fb0f425ad99ecfb9df0704e0f88b5a6f76458da4,f233126a9b74f38fdc8065117f73cc94c95f368fa4e8641068432e801e85a3c6,validation_only,0.18859483549992243,False
r48_p444_reference,0.002,20260901,20261002,49313,24,23,0.18611432015895843,0.18611881881952286,2.1833432089997586,004eb887c758fa874654c4d2a9718c648fa59d183baed86064105c3243d2622d,dbff1538bdc90341c7a76737b22a4b5f9670861e97736e03e993610413a586f2,validation_only,0.1861461341381073,False
r48_p444_reference,0.002,20260902,20261003,49313,24,24,0.1859390392899513,0.1859390392899513,2.0749029160001555,9f604bb173530312690624b166e1214a0eabd5f61405c0fcb4be6a127458a198,9c4e3d530c00185da33c55f7c36640958b0e359995c281022e13573446e06346,validation_only,0.1861461341381073,False
r48_p444_reference,0.002,20260903,20261004,49313,24,21,0.18638504296541214,0.1863901972770691,2.0819013749996884,215d5449504627e1f1988524fb0f425ad99ecfb9df0704e0f88b5a6f76458da4,35396142007bab5637500c43fa8cae7a7115523cf49c6345dbddf9e34f61fdca,validation_only,0.1861461341381073,False
r48_p444_reference,0.004,20260901,20261002,49313,24,23,0.18553879782557486,0.18555033206939697,2.0858735830001933,004eb887c758fa874654c4d2a9718c648fa59d183baed86064105c3243d2622d,cd431be8f9ed9aebe8f8e676e326c269352b477e333b4525d19bb8d51da049bd,validation_only,0.18649021883805594,False
r48_p444_reference,0.004,20260902,20261003,49313,24,24,0.18752591237425803,0.18752591237425803,2.077022625000154,9f604bb173530312690624b166e1214a0eabd5f61405c0fcb4be6a127458a198,53676c0c9880284703115556035dbb2c94d073d0a3a1131711f7df1b8152d1dc,validation_only,0.18649021883805594,False
r48_p444_reference,0.004,20260903,20261004,49313,24,21,0.18640594631433488,0.18646084219217302,2.1074860829999125,215d5449504627e1f1988524fb0f425ad99ecfb9df0704e0f88b5a6f76458da4,e389c7c5462c81342c9fff33a4cdcd6b13d63f3bea77bbc41db11b8e411bc5e1,validation_only,0.18649021883805594,False
r32_p444,0.001,20260901,20261002,47233,24,23,0.18917187824845313,0.18918439447879792,2.2580773340000633,004eb887c758fa874654c4d2a9718c648fa59d183baed86064105c3243d2622d,4b5345c37129d232acd270a58a16283dfef6a3cb48d5ec52dad4e5958171e814,validation_only,0.18822284266352654,False
r32_p444,0.001,20260902,20261003,47233,24,22,0.18769361227750778,0.1877454176545143,2.0093838329999016,9f604bb173530312690624b166e1214a0eabd5f61405c0fcb4be6a127458a198,bf19bf40056df1c09d3b46ea6e9eaa35f596ab8016ad48bcb7aeb05a479e7469,validation_only,0.18822284266352654,False
r32_p444,0.001,20260903,20261004,47233,24,20,0.18780303746461868,0.18782477229833602,2.0170793750003213,215d5449504627e1f1988524fb0f425ad99ecfb9df0704e0f88b5a6f76458da4,022687207b5543fdde9a26fe31e0b6851898a6e16ee864d4239fd4b8119d17b7,validation_only,0.18822284266352654,False
r32_p444,0.002,20260901,20261002,47233,24,23,0.1866271063685417,0.18665120154619216,2.0175195410001834,004eb887c758fa874654c4d2a9718c648fa59d183baed86064105c3243d2622d,d6009743b8739008e1a752e2d8d4702d251c926cec45e40dc3d8dbe8d1c4aa91,validation_only,0.18596733634670573,False
r32_p444,0.002,20260902,20261003,47233,24,22,0.18577173352241516,0.18582879304885863,2.092970874999992,9f604bb173530312690624b166e1214a0eabd5f61405c0fcb4be6a127458a198,3b1971c007817c28e25849671cd6ead71dc31b5e5f477a083d0241ccc17d8829,validation_only,0.18596733634670573,False
r32_p444,0.002,20260903,20261004,47233,24,21,0.18550316914916037,0.18556415438652038,2.030722916999821,215d5449504627e1f1988524fb0f425ad99ecfb9df0704e0f88b5a6f76458da4,e4fd8ef7de105de84d1f0d8f10050d90e7cdf7b8f2c3be7066336042c84d8c80,validation_only,0.18596733634670573,False
r32_p444,0.004,20260901,20261002,47233,24,23,0.18942576348781587,0.18943852409720421,2.0346390419999807,004eb887c758fa874654c4d2a9718c648fa59d183baed86064105c3243d2622d,6d0fcf2c60b90b442d099eada067ba6427e354f7990ebd9f4ad091341cbb76e7,validation_only,0.18845317115386329,False
r32_p444,0.004,20260902,20261003,47233,24,20,0.18671710789203644,0.18677203133702278,2.2663514579999173,9f604bb173530312690624b166e1214a0eabd5f61405c0fcb4be6a127458a198,9deadb7ec7e295cb9aab7c4fa93070a7d539758934a42982cecdc595331ec3aa,validation_only,0.18845317115386329,False
r32_p444,0.004,20260903,20261004,47233,24,22,0.18921664208173752,0.18922431021928787,2.072010916000181,215d5449504627e1f1988524fb0f425ad99ecfb9df0704e0f88b5a6f76458da4,aa6da10c6dcd467a457001e4bac34b280b35a0de05facd77fb0e417b7b35e4f5,validation_only,0.18845317115386329,False
r64_p444,0.001,20260901,20261002,51393,24,21,0.1864506982266903,0.18645440936088561,2.5010823749998963,004eb887c758fa874654c4d2a9718c648fa59d183baed86064105c3243d2622d,d6040e2241591fa1654a77a695eab928fc0abeaa7fa005ea150b12960c2dc1c1,validation_only,0.18682928582032524,False
r64_p444,0.001,20260902,20261003,51393,24,22,0.18727123439311982,0.18730105012655257,2.1225715420000597,9f604bb173530312690624b166e1214a0eabd5f61405c0fcb4be6a127458a198,b0374c19d9455602d434e651f04b3bc86218f62e606f92c732aacb389b328e72,validation_only,0.18682928582032524,False
r64_p444,0.001,20260903,20261004,51393,24,21,0.18676592484116555,0.18688035607337952,2.146978458000376,215d5449504627e1f1988524fb0f425ad99ecfb9df0704e0f88b5a6f76458da4,d62937574de3ce1cb03664efd6dedcab082e42ff07f74bcabffcbd5f0da4c59a,validation_only,0.18682928582032524,False
r64_p444,0.002,20260901,20261002,51393,24,23,0.18525669872760772,0.18526029512286185,2.10248245899993,004eb887c758fa874654c4d2a9718c648fa59d183baed86064105c3243d2622d,ca140b9d2f56ab8416df505137e349cb0daafba35dd72dc3aeaef69abfd5983f,validation_only,0.18519633313020067,True
r64_p444,0.002,20260902,20261003,51393,24,22,0.18540676385164262,0.1854196511209011,2.1923399580000478,9f604bb173530312690624b166e1214a0eabd5f61405c0fcb4be6a127458a198,434595e6fbf3ac47a9ce8338c10a619ab31e1b721c5891f69da489eee3770826,validation_only,0.18519633313020067,True
r64_p444,0.002,20260903,20261004,51393,24,21,0.18492553681135177,0.1849810317158699,2.1121187500002634,215d5449504627e1f1988524fb0f425ad99ecfb9df0704e0f88b5a6f76458da4,bcdc1ec4656d0f6b710ff91e4d83b197f81aa744e7210d400709f2a1322698cd,validation_only,0.18519633313020067,True
r64_p444,0.004,20260901,20261002,51393,24,23,0.18861702531576158,0.1886238247156143,2.1077411249998477,004eb887c758fa874654c4d2a9718c648fa59d183baed86064105c3243d2622d,4dfa89bfe55110f5fae48a6c104161880953f977ace61586980b075a25649b0c,validation_only,0.18775221953789392,False
r64_p444,0.004,20260902,20261003,51393,24,22,0.18717030361294745,0.1872040718793869,2.1390958750002937,9f604bb173530312690624b166e1214a0eabd5f61405c0fcb4be6a127458a198,153299f60fd796a3a26a355af1ee4638def51139775319398827198c35b6f3bf,validation_only,0.18775221953789392,False
r64_p444,0.004,20260903,20261004,51393,24,22,0.18746932968497276,0.18750016167759895,2.1708044169999994,215d5449504627e1f1988524fb0f425ad99ecfb9df0704e0f88b5a6f76458da4,0ec9ae20fbfafc56fb5ee2a713e6f093a015d02b90330df53920e25d2508c11f,validation_only,0.18775221953789392,False
r96_p444,0.001,20260901,20261002,55553,24,23,0.18805860504508018,0.18805578574538231,2.69999208299987,004eb887c758fa874654c4d2a9718c648fa59d183baed86064105c3243d2622d,84dedef3191ede1e1ae52fa659c1041ba17f44fe50af995683081c2ea4758d32,validation_only,0.18721586043636007,False
r96_p444,0.001,20260902,20261003,55553,24,22,0.187174741178751,0.1872105859220028,2.201212832999772,9f604bb173530312690624b166e1214a0eabd5f61405c0fcb4be6a127458a198,4d231382cc250ebfb2435c99d32960831ab6b18ce7a74a4e2089af677f5809d7,validation_only,0.18721586043636007,False
r96_p444,0.001,20260903,20261004,55553,24,21,0.18641423508524896,0.18646979928016663,2.273666417000186,215d5449504627e1f1988524fb0f425ad99ecfb9df0704e0f88b5a6f76458da4,d9083154a5a74c0b51f8202db3ecc102adb22e72d2fe83f2853167c8d7070efa,validation_only,0.18721586043636007,False
r96_p444,0.002,20260901,20261002,55553,24,23,0.18508606702089309,0.18509592711925507,2.434491583000181,004eb887c758fa874654c4d2a9718c648fa59d183baed86064105c3243d2622d,a9f72ee32d3cb6a79e0c7324ddec5858f33ad37b5eafc9b3885fe14d8ed07ec6,validation_only,0.18523142064611117,False
r96_p444,0.002,20260902,20261003,55553,24,22,0.18563705012202264,0.18566564470529556,2.3647763750000195,9f604bb173530312690624b166e1214a0eabd5f61405c0fcb4be6a127458a198,ec6ad62732c71d50a7014d55be81547a7834b16125ef0256a73d32a1c4dc6a33,validation_only,0.18523142064611117,False
r96_p444,0.002,20260903,20261004,55553,24,21,0.1849711447954178,0.1850086733698845,2.2105470000001333,215d5449504627e1f1988524fb0f425ad99ecfb9df0704e0f88b5a6f76458da4,009d45559f7ce83aa3ed73902480db60c451fe36ea76abe2bd6c8887da46332b,validation_only,0.18523142064611117,False
r96_p444,0.004,20260901,20261002,55553,24,23,0.18659505546092986,0.1866039216518402,2.2247831249997034,004eb887c758fa874654c4d2a9718c648fa59d183baed86064105c3243d2622d,e0203be33f86713bd4ac09c192c69b0b72e6877e7e0958c2dbd7f17111d44a35,validation_only,0.1869923119743665,False
r96_p444,0.004,20260902,20261003,55553,24,24,0.18626420125365256,0.18626420125365256,2.2101814169996032,9f604bb173530312690624b166e1214a0eabd5f61405c0fcb4be6a127458a198,61487593be9940ae044e65d3e79a3e12870b56c236baac7ff0c42c2cca6be55b,validation_only,0.1869923119743665,False
r96_p444,0.004,20260903,20261004,55553,24,24,0.18811767920851707,0.18811767920851707,2.2893599589997393,215d5449504627e1f1988524fb0f425ad99ecfb9df0704e0f88b5a6f76458da4,c583711f3f3f16e8c7187bcac71029772b0ebf859367108b06ab47824996f31b,validation_only,0.1869923119743665,False
r48_p244,0.001,20260901,20261002,28833,24,23,0.19287953525781631,0.19290282875299453,2.151890542000274,004eb887c758fa874654c4d2a9718c648fa59d183baed86064105c3243d2622d,740f7af12e889855f792350ee4ab10689c73d7d34a51466c267a4544e84cacaa,validation_only,0.1919612055023511,False
r48_p244,0.001,20260902,20261003,28833,24,22,0.19209773540496827,0.19210878312587737,1.9346235839998371,9f604bb173530312690624b166e1214a0eabd5f61405c0fcb4be6a127458a198,7249289f7a7d2189b928b1ca75904b4d86c8ef6982c9e7931250a29de3fa0da0,validation_only,0.1919612055023511,False
r48_p244,0.001,20260903,20261004,28833,24,22,0.1909063458442688,0.19096116721630096,1.9720204170002944,215d5449504627e1f1988524fb0f425ad99ecfb9df0704e0f88b5a6f76458da4,70683d3e39978162ed5f722de634a024d5b4a28829355f02b4a153557e437bac,validation_only,0.1919612055023511,False
r48_p244,0.002,20260901,20261002,28833,24,23,0.18885585218667983,0.1888814762234688,1.9458319580003263,004eb887c758fa874654c4d2a9718c648fa59d183baed86064105c3243d2622d,f58c8af226889cbbe6b303cdf2b23867f43c2338ed359e6ab765a466c2e27166,validation_only,0.18801789581775666,False
r48_p244,0.002,20260902,20261003,28833,24,24,0.18752762228250502,0.18752762228250502,2.0236274170001707,9f604bb173530312690624b166e1214a0eabd5f61405c0fcb4be6a127458a198,2a4f8268520fe019203ecb5632c9d81e3cbd90e9fb9dc737394d5456f414b646,validation_only,0.18801789581775666,False
r48_p244,0.002,20260903,20261004,28833,24,21,0.1876702129840851,0.18770474046468735,1.965781416000027,215d5449504627e1f1988524fb0f425ad99ecfb9df0704e0f88b5a6f76458da4,395a48d655fa570b7397d459e5c25287c0aaf10ceef3c83b67bc8feb21571967,validation_only,0.18801789581775666,False
r48_p244,0.004,20260901,20261002,28833,24,22,0.18667860329151154,0.18667968809604646,1.9434867919999306,004eb887c758fa874654c4d2a9718c648fa59d183baed86064105c3243d2622d,abaf45708ce22c7dc69ef9e9b25ecc463f62237b32256afdb0d5f0c573fcdef4,validation_only,0.18686221788326898,False
r48_p244,0.004,20260902,20261003,28833,24,24,0.18713972419500352,0.18713972419500352,1.9756200000001627,9f604bb173530312690624b166e1214a0eabd5f61405c0fcb4be6a127458a198,91febd173042f128a2857e9a08f57f5b9af0fdd1e7c51ecd6e14590cc5dc4bd0,validation_only,0.18686221788326898,False
r48_p244,0.004,20260903,20261004,28833,24,21,0.18676832616329192,0.18679696321487427,2.214718791999985,215d5449504627e1f1988524fb0f425ad99ecfb9df0704e0f88b5a6f76458da4,47d317f6e16c14ed1c9951d6f70c2d003e860431ba58275b38619cdaeeafd5f1,validation_only,0.18686221788326898,False
r48_p822,0.001,20260901,20261002,28833,24,23,0.20289192646741866,0.20288605690002443,2.0788411250000536,004eb887c758fa874654c4d2a9718c648fa59d183baed86064105c3243d2622d,2a0d5c280b131403b383fb3270b250b640eca92b3996dceec271ebd81abfe7a5,validation_only,0.20253501037756602,False
r48_p822,0.001,20260902,20261003,28833,24,23,0.20187729895114898,0.20187778472900392,2.00711604099979,9f604bb173530312690624b166e1214a0eabd5f61405c0fcb4be6a127458a198,8c8bdd11b94f396efabbaa31f16512f720a666e5e3de312906bf6cc14761c7bd,validation_only,0.20253501037756602,False
r48_p822,0.001,20260903,20261004,28833,24,21,0.2028358057141304,0.20285084694623948,1.9438064579999264,215d5449504627e1f1988524fb0f425ad99ecfb9df0704e0f88b5a6f76458da4,a4a22cc71c12b3498246db1787d8924dba8dcf0dbe3dba95dcbbbaf096b3a255,validation_only,0.20253501037756602,False
r48_p822,0.002,20260901,20261002,28833,24,23,0.20033494681119918,0.20033217072486878,1.9751784169998245,004eb887c758fa874654c4d2a9718c648fa59d183baed86064105c3243d2622d,48603200ec34d4815741a37ad94a01ed51f1197c7c32f99253cf5945bafbf09a,validation_only,0.19989105115334194,False
r48_p822,0.002,20260902,20261003,28833,24,23,0.1998160034418106,0.1998093083500862,1.9625684590000674,9f604bb173530312690624b166e1214a0eabd5f61405c0fcb4be6a127458a198,c0130309afac1fb3fe6db02d31e3bd8417033643a8ea34813858aa47b5e5f769,validation_only,0.19989105115334194,False
r48_p822,0.002,20260903,20261004,28833,24,21,0.199522203207016,0.19961532354354858,1.9970475420000184,215d5449504627e1f1988524fb0f425ad99ecfb9df0704e0f88b5a6f76458da4,12052ba9265d26ba07605d481f03803010ce2310ca6b54cb6b40f60e5912f682,validation_only,0.19989105115334194,False
r48_p822,0.004,20260901,20261002,28833,24,19,0.19776225537061692,0.19777190834283828,1.9601079159997425,004eb887c758fa874654c4d2a9718c648fa59d183baed86064105c3243d2622d,aab9e44581dbe4bf11b1ef96848fe41abc496ca0bc6cb837aeaf375b4f0c3ade,validation_only,0.196057170132796,False
r48_p822,0.004,20260902,20261003,28833,24,23,0.1952165335416794,0.19523069858551026,1.9342966659996819,9f604bb173530312690624b166e1214a0eabd5f61405c0fcb4be6a127458a198,93ab93b40e50568c7fb3c69e8881eda231edc2bcdb7ce3cd24c761a34e36275f,validation_only,0.196057170132796,False
r48_p822,0.004,20260903,20261004,28833,24,19,0.19519272148609162,0.19551025629043578,1.978248375000021,215d5449504627e1f1988524fb0f425ad99ecfb9df0704e0f88b5a6f76458da4,380f1424c06a9238cbaa42b7c8db0a7c8ee16f99d1ee5b87647c977cefc98951,validation_only,0.196057170132796,False
r48_p284,0.001,20260901,20261002,49313,24,23,0.18667769357562064,0.18668498620390891,2.099789249999958,004eb887c758fa874654c4d2a9718c648fa59d183baed86064105c3243d2622d,b1d60043cb2724e6896f4b0e5fdc1628ed9b1c20f99ce370946e0b4de472fb2b,validation_only,0.18679242928822837,False
r48_p284,0.001,20260902,20261003,49313,24,24,0.18721989467740058,0.18721989467740058,2.139036500000202,9f604bb173530312690624b166e1214a0eabd5f61405c0fcb4be6a127458a198,3ddd03e659e3dca7878386feb0fdf2a7475899e1f11ddd0af7a849fea42f3eda,validation_only,0.18679242928822837,False
r48_p284,0.001,20260903,20261004,49313,24,24,0.18647969961166383,0.18647969961166383,2.1000789580002674,215d5449504627e1f1988524fb0f425ad99ecfb9df0704e0f88b5a6f76458da4,520e5fd767c7c16409a85d32327e9a16cd6dd248fdb59ffb8a62bfd0b2bc3802,validation_only,0.18679242928822837,False
r48_p284,0.002,20260901,20261002,49313,24,21,0.18505965024232865,0.18507468774914743,2.0955463330001294,004eb887c758fa874654c4d2a9718c648fa59d183baed86064105c3243d2622d,2c046b099556ed2af92d6aea4d47cf2f01a3c33dda2478156236d4c4f4dea560,validation_only,0.18521712621053063,False
r48_p284,0.002,20260902,20261003,49313,24,23,0.18565443605184556,0.1856490172445774,2.340822582999863,9f604bb173530312690624b166e1214a0eabd5f61405c0fcb4be6a127458a198,2d2824e91931c5388281cb43de27fbcff15c9bf66e1ec6f7a10dd28311c2485b,validation_only,0.18521712621053063,False
r48_p284,0.002,20260903,20261004,49313,24,21,0.1849372923374176,0.18496600165963173,2.107726791999994,215d5449504627e1f1988524fb0f425ad99ecfb9df0704e0f88b5a6f76458da4,32985abc62579c2c4b09f2815d41e2de202c532a16b51f31c99823d59deee980,validation_only,0.18521712621053063,False
r48_p284,0.004,20260901,20261002,49313,24,21,0.1855108618736267,0.18552691116929054,2.178129957999772,004eb887c758fa874654c4d2a9718c648fa59d183baed86064105c3243d2622d,7f1df2ac95645bf97c095f88e96e403a418f81eb896542ed02e49cf26a84b1b3,validation_only,0.18730959991614027,False
r48_p284,0.004,20260902,20261003,49313,24,23,0.18655091375112534,0.18654997646808624,2.096858916000201,9f604bb173530312690624b166e1214a0eabd5f61405c0fcb4be6a127458a198,f23eae3c0fea2ba565f61fa2647e95de5317aec528150b8470bc1bb70aaf4046,validation_only,0.18730959991614027,False
r48_p284,0.004,20260903,20261004,49313,24,19,0.18986702412366868,0.18989885747432708,2.117380583999875,215d5449504627e1f1988524fb0f425ad99ecfb9df0704e0f88b5a6f76458da4,c0bc97f6e543bda49a2f00b1f044d1cd70892d300b9eacee1ecdc327afea8e50,validation_only,0.18730959991614027,False
r48_p248,0.001,20260901,20261002,49313,24,23,0.18653634041547776,0.1865459255874157,2.1017629580001085,004eb887c758fa874654c4d2a9718c648fa59d183baed86064105c3243d2622d,eb572c65782dfc25b27e4089d5a8172bf1c481b0ae0bf52be2a8f3c997fb8925,validation_only,0.18670139635602634,False
r48_p248,0.001,20260902,20261003,49313,24,22,0.18679061457514762,0.18679260164499284,2.30100208299973,9f604bb173530312690624b166e1214a0eabd5f61405c0fcb4be6a127458a198,7437ba5af0b636a1e6c53f2c23f51e01df6a79be3ce0caa062b175c068fc2fb9,validation_only,0.18670139635602634,False
r48_p248,0.001,20260903,20261004,49313,24,24,0.1867772340774536,0.1867772340774536,2.1289409999999407,215d5449504627e1f1988524fb0f425ad99ecfb9df0704e0f88b5a6f76458da4,4eb881d79b2ff3eb543eaa971d262fb30c43a814bc85bf299900aa1277668087,validation_only,0.18670139635602634,False
r48_p248,0.002,20260901,20261002,49313,24,23,0.18621760606765747,0.18622510358691216,2.0797701669998787,004eb887c758fa874654c4d2a9718c648fa59d183baed86064105c3243d2622d,9eeb9f572afac62c86efeb7eda7887d01447d0563b97ea1a29b50b5c1ece0698,validation_only,0.18583467081189156,False
r48_p248,0.002,20260902,20261003,49313,24,22,0.1854587748646736,0.1854749172925949,2.1018804999998792,9f604bb173530312690624b166e1214a0eabd5f61405c0fcb4be6a127458a198,deb7e4c29fb1b2f57ed7d6aaf8a99a9027e895601b514dc0cc9bb3b042441c39,validation_only,0.18583467081189156,False
r48_p248,0.002,20260903,20261004,49313,24,21,0.18582763150334358,0.1858445808291435,2.0915302079997673,215d5449504627e1f1988524fb0f425ad99ecfb9df0704e0f88b5a6f76458da4,b5d813405502c074a25b3b6b8aa199eb226d5fcf19a302fbf6c3d481271ba1bb,validation_only,0.18583467081189156,False
r48_p248,0.004,20260901,20261002,49313,24,22,0.18652426898479463,0.1865325652062893,2.117674083000111,004eb887c758fa874654c4d2a9718c648fa59d183baed86064105c3243d2622d,06c9de9bcedbd7e65c75ef65bce7dc94d1843131950d0a7de1862d3ea079f35a,validation_only,0.18731485332051914,False
r48_p248,0.004,20260902,20261003,49313,24,22,0.18687888085842133,0.18688725531101227,2.0798957080000946,9f604bb173530312690624b166e1214a0eabd5f61405c0fcb4be6a127458a198,eb938c70a215275f378dda109184ceeda0ace12a80707dca18ddb926a9e417c8,validation_only,0.18731485332051914,False
r48_p248,0.004,20260903,20261004,49313,24,22,0.18854141011834144,0.18858417198061944,2.0999596670003484,215d5449504627e1f1988524fb0f425ad99ecfb9df0704e0f88b5a6f76458da4,3dcd15949459eaa38b30cbf2d21123c629b3f286355ba1782a66721801ad0b8b,validation_only,0.18731485332051914,False
